<?xml version="1.0" encoding="UTF-8"?><collection xmlns="http://www.loc.gov/MARC21/slim"><record><leader>00379nam--2200145-i-4500</leader><controlfield tag="001">000031079</controlfield><controlfield tag="002">20161230</controlfield><controlfield tag="005">20161230201038</controlfield><controlfield tag="008">060222s1000------------r-----000-0-eng-d</controlfield><datafield ind1=" " ind2=" " tag="080"><subfield code="a">629.19</subfield></datafield><datafield ind1=" " ind2=" " tag="100"><subfield code="a">Locke, Arthur S</subfield></datafield><datafield ind1=" " ind2=" " tag="245"><subfield code="a">Guidance</subfield></datafield><datafield ind1=" " ind2=" " tag="260"><subfield code="a">Princeton, Van Nostrand, 1957. Xvii+729p.+1pl</subfield></datafield><datafield ind1=" " ind2=" " tag="490"><subfield code="a">Principles Of Guided Missile Desigb Ed.By Merrill</subfield></datafield><datafield ind1=" " ind2=" " tag="852"><subfield code="a">13002</subfield></datafield></record></collection>